@Misc{intercomTM,
  author = {Estudiantes de Tecnolog√≠as Multimedia (UAL)},
  title = {intercomTM (accedido el 4/3/2020)},
  howpublished = {\url{https://github.com/Tecnologias-multimedia/intercom}}
}

@book{pacheco2011introduction,
  title={\href{http://www.e-tahtam.com/~turgaybilgin/2013-2014-guz/ParalelProgramlama/ParallelProg.pdf}{An introduction to parallel programming}},
  author={Pacheco, Peter},
  year={2011},
  publisher={Elsevier}
}

@Misc{workload,
  author = {Jechlitschek, Christoph},
  title = {A Survey Paper on Processor Workloads (accedido el 4/3/2020)},
  howpublished = {\url{https://www.cse.wustl.edu/~jain/cse567-06/ftp/processor_workloads/index.html}}
}

@Misc{PEP8,
  author = {van Rossum, Guido and Warsaw, Barry and Coghlan, Nick},
  title = {PEP 8 -- Style Guide for Python Code (accedido el 4/3/2020)},
  howpublished = {\url{https://www.python.org/dev/peps/pep-0008/}}
}

@book{schach2008object,
  title={\href{https://www.programming-book.com/download/?file=10917}{Object-oriented software engineering}},
  author={Schach, Stephen R.},
  year={2008},
  publisher={McGraw-Hill}
}

@Misc{multiprocessing,
  author = {Python Software Foundation},
  title = {multiprocessing - Process-based parallelism (accedido el 4/3/2020)},
  howpublished = {\url{https://docs.python.org/3.8/library/multiprocessing.html}}
}

@Misc{parallel_models,
  author = {Tutorials Point},
  title = {Parallel Algorithm - Models (accedido el 4/3/2020)},
  howpublished = {\url{https://www.tutorialspoint.com/parallel_algorithm/parallel_algorithm_models.htm}}
}

